2434 3796
554 422 573 480 6

87 612 194 686 Altius,
211 618 241 673 ct
252 615 351 692 pronis
364 619 476 675 torrens
490 615 632 674 effulserit
645 617 740 674 undis.

87 745 228 806 Demens!
249 767 308 806 non
320 752 412 807 tectas
424 748 540 807 fraudes
554 766 588 806 ea
600 747 674 805 mira
687 748 807 805 canebat

87 873 189 933 Monte
202 877 293 953 quies,
308 897 341 936 ea
355 898 434 936 cessa
448 897 515 936 sono
529 877 654 936 divortia
667 877 769 936 silvae?

88 1003 160 1060 Mox
172 1004 258 1073 idem,
274 1025 327 1064 nec
340 1007 426 1080 longa
438 1026 518 1064 mora
531 1009 584 1078 est,
601 1005 697 1064 studia
709 1005 766 1064 ista
779 1004 916 1081 viamque

88 1131 190 1190 Oderis
202 1133 403 1206 inconsultam,
420 1139 450 1192 et
462 1153 520 1192 non
535 1135 631 1192 fausto
646 1135 715 1192 alite
729 1152 846 1192 cursus:

88 1261 167 1318 Dum
180 1281 232 1336 pro
245 1262 347 1337 plausu
363 1262 458 1336 hilari,
475 1283 526 1339 pro
540 1263 634 1338 longae
648 1263 773 1322 carmine
785 1281 908 1338 pompae,

90 1387 216 1446 Turbam
229 1389 307 1448 inter
319 1409 429 1449 remeas
443 1391 505 1448 dux
518 1391 677 1449 illaudatus
690 1393 838 1449 inermem.

90 1604 144 1662 Est
157 1604 237 1663 locus
250 1606 347 1664 Italiae
361 1625 448 1682 prope
462 1606 554 1665 Caudi
566 1607 690 1664 moenia:
713 1607 819 1665 vallem

91 1735 228 1810 Perpetui
241 1736 363 1812 cingrmt
375 1739 504 1809 montes;
526 1736 574 1795 cui
587 1737 674 1813 pinus
687 1736 826 1812 utrinque

91 1865 186 1925 Triste
199 1866 304 1939 virens
321 1870 351 1926 et
365 1867 450 1942 nigrai
463 1868 541 1927 abies
554 1867 719 1927 inamabilis
732 1867 843 1940 umbri,

91 1995 236 2054 Faucibus
248 1996 391 2054 incumbit
403 1996 506 2055 biviis:
528 1995 667 2072 rivusque
680 2014 732 2070 per
745 1995 834 2052 imam

91 2120 244 2198 Flectitur,
260 2131 290 2184 et
303 2127 408 2184 celeres
420 2127 506 2202 pleno
520 2127 571 2183 dat
584 2125 705 2183 flumine
718 2127 820 2183 tortus.

91 2255 172 2328 Apta
183 2254 248 2311 dolo
257 2253 362 2312 Martis
376 2255 473 2313 sedes:
496 2255 538 2312 ibi
552 2253 674 2312 saltibus
687 2252 764 2324 altis,

92 2383 170 2448 Quot
183 2383 256 2440 vada
268 2382 429 2442 *Vulturni
441 2401 569 2454 numero,
586 2384 659 2459 quot
671 2383 707 2440 ab
720 2381 788 2440 ilica
801 2383 905 2459 quassi

95 2511 289 2570 Constemunt
303 2510 401 2581 Silam,
418 2510 532 2569 boreali
545 2510 671 2584 turbine,
687 2511 811 2582 frondes,

93 2637 311 2712 Apenninicolae
324 2635 434 2693 ferrum
446 2636 555 2695 lethale
567 2636 731 2700 recludunt.

94 2833 217 2908 Jamque
229 2833 292 2891 ibat
304 2832 435 2890 Romana
449 2832 557 2903 cohors,
574 2854 674 2893 secura
686 2835 796 2893 futuri:

94 2963 153 3021 Illa
165 2983 217 3040 per
229 2964 358 3034 infestas,
374 2963 476 3021 fatalia
490 2963 602 3036 limina,
618 2964 715 3022 fauces

95 3089 260 3164 Intrepidos
273 3088 396 3146 celerare
411 3089 525 3162 medus,
540 3089 675 3164 ultroque
689 3088 801 3164 patenti

96 3217 217 3276 Credere
232 3235 261 3274 se
275 3233 393 3291 campo:
415 3216 527 3291 primus
540 3234 592 3290 per
605 3216 735 3291 gramina
748 3217 850 3274 ductor

401 3431 416 3462 ³
436 3427 473 3479 Gi.
489 3429 547 3478 AEn.
560 3429 604 3480 rii.
619 3432 672 3482 728.
