2434 3796
542 364 582 426 12

85 563 273 640 Splendorem
287 561 411 620 nimium
425 561 518 619 lucis:
538 561 658 636 jamque
672 579 750 635 aegra
763 564 921 620 retrorsum
963 605 966 612 .

83 690 155 750 Cum
169 689 280 765 gemitu
294 688 365 747 dant
377 690 467 762 terga,
483 694 514 746 et
525 705 615 762 regna
628 685 723 746 invisa
736 687 917 766 relinquunt.

53 1009 54 1014 η
84 927 143 992 Qui
156 929 311 996 veretum,
327 923 428 993 Roma,
444 922 507 994 tibi,
525 922 576 998 qui
591 923 675 981 corde
688 923 800 982 furores

85 1047 216 1123 Surgere,
232 1052 267 1108 ut
279 1049 424 1106 excidium
438 1031 520 1123 genti
533 1047 674 1107 meditata
687 1049 789 1108 rebelli

84 1176 220 1235 Obsessos
233 1175 316 1234 audis
329 1176 415 1249 cives,
432 1195 589 1253 pacemque
602 1181 750 1250 coactam;

83 1305 142 1370 Qui
155 1305 290 1381 gemitus,
306 1309 341 1364 ut
353 1305 465 1364 foedum
479 1324 582 1380 agmen
597 1305 658 1364 sine
672 1306 768 1378 laude,
785 1306 847 1366 sine
861 1306 957 1380 armis,

82 1435 209 1493 Traxere
222 1435 254 1492 in
267 1454 365 1493 muros
377 1435 577 1510 latebrosaque
591 1434 717 1510 compita
730 1433 819 1493 victi!

86 1562 228 1622 “Siccine
242 1566 287 1621 tot
299 1561 430 1621 nostrdm
444 1561 559 1619 exuviis
571 1560 699 1636 impune,
715 1564 761 1619 tot
774 1563 861 1621 armis

82 1690 102 1748 J
103 1693 180 1749 actet
193 1709 223 1748 se
236 1691 328 1748 fallax
342 1689 465 1762 Samnis,
488 1688 652 1764 *Coruique
665 1688 829 1765 triumphos
891 1673 895 1692 ⁸

83 1818 204 1876 Insidiis
217 1819 331 1878 confisae
345 1821 431 1890 artes,
448 1816 507 1875 cita
520 1816 615 1874 deleat
627 1815 717 1875 hora?

84 1945 152 2004 Non
163 1945 225 2019 ita;
247 1945 319 2022 quin
331 1943 428 2022 potius
441 1945 560 2003 reduces
574 1945 721 2004 abolemus
733 1945 865 2024 iniquam
905 1945 907 1950 ’

84 2076 189 2135 Pacem
203 2077 273 2147 acie,
289 2046 461 2154 laniumque
474 2076 575 2134 nefas:
598 2079 663 2135 tum
677 2077 783 2136 sentiat
795 2078 887 2136 hostis

84 2207 176 2266 Corda
189 2206 244 2266 sibi
257 2207 373 2280 violata,
389 2207 614 2284 implacataeque
627 2207 790 2273 Qui1itesl’'

84 2338 168 2397 Talia
179 2338 314 2396 volvebat
326 2337 420 2411 furiis,
437 2342 467 2396 et
480 2339 589 2397 foedera
602 2341 695 2414 pacta,

85 2467 206 2526 Foedera
219 2466 330 2525 solenni
344 2465 449 2524 dextre
462 2465 573 2525 sancita
586 2485 720 2536 suorum,-

83 2596 192 2674 Rejicit
204 2595 376 2671 impatiens:
400 2614 453 2654 nec
467 2596 545 2654 enim
558 2597 593 2655 de
607 2604 698 2655 morte
711 2596 830 2656 remissa

83 2726 189 2799 Minis,
205 2745 258 2784 nec
270 2725 340 2784 fidei
353 2726 429 2784 laesae
441 2726 504 2802 jam
516 2727 610 2786 flectit
623 2727 737 2802 imago:

82 2859 172 2920 Arma
185 2859 286 2917 Patres
299 2857 444 2930 scelerata,
460 2859 556 2916 calens
568 2859 669 2917 fremit
681 2879 761 2924 arma
771 2859 921 2936 juventus.

84 3052 126 3109 st
138 3050 221 3127 piget
233 3050 367 3123 ambages
378 3048 459 3120 belli,
474 3049 555 3126 piget
567 3049 658 3127 impia
671 3050 780 3108 fraudis

84 3181 164 3238 Ausa
177 3176 268 3254 sequi.
311 3167 371 3235 Sua
383 3176 531 3250 uictorem,
548 3197 600 3236 sua
612 3178 740 3255 plurima
753 3180 843 3238 tradit

268 3367 283 3400 '⁸
303 3365 355 3416 The
367 3383 501 3432 conqueror
512 3367 539 3418 in
550 3368 592 3418 the
604 3369 658 3419 first
670 3368 780 3420 Samnite
792 3385 851 3420 war.
