2434 3796
669 385 690 449 7

204 579 298 656 Urget
311 597 407 656 equos,
423 583 565 658 pratoque
577 582 679 640 volans
693 583 821 642 decurrit
834 587 943 659 aperta.

200 707 268 766 Ah!
291 708 406 783 quantis
420 710 519 784 stupet
530 708 581 767 ille
595 708 694 783 oculis,
710 709 762 785 qui
775 711 887 768 vertere
903 709 995 785 pellor

201 833 262 892 Ora
274 833 346 892 viri!
367 855 433 894 eum
446 836 574 896 clumtra
585 839 672 895 tuens
684 855 825 896 rarescere
838 835 923 894 vallis

203 963 324 1040 Ultima,
340 972 498 1041 congestas,
513 965 652 1025 immania
664 966 815 1042 fragmina,
831 985 918 1042 rupes

203 1093 394 1171 Dejectasque
406 1094 440 1152 in
452 1095 524 1154 ealle
538 1095 633 1154 trabes
646 1095 772 1170 agnovit,
788 1099 818 1154 et
831 1115 918 1166 arma,

200 1223 291 1281 Arma
303 1223 336 1280 in
348 1227 511 1282 transverso
524 1221 620 1282 dirdm
633 1223 777 1282 radiantia
790 1223 891 1282 muro!

203 1350 282 1416 Quid
295 1350 407 1410 faciat?
427 1354 518 1411 totam
529 1369 630 1410 rursus
643 1350 840 1410 transmittere
853 1351 959 1411 vallem

205 1479 333 1556 Cogitur,
349 1485 379 1540 et
391 1481 489 1539 fauces
501 1481 610 1540 iterum
623 1485 738 1540 tentare
750 1479 875 1554 relictas,

204 1608 236 1667 Si
249 1628 308 1685 qua
319 1609 406 1684 fugile,
422 1609 448 1666 si
461 1609 546 1667 datin
560 1609 610 1681 ibi,
626 1609 739 1668 siforte
751 1612 885 1685 potestas.

200 1738 426 1814 Nequidquam:
447 1738 517 1797 huie
530 1738 613 1796 aditu
625 1741 721 1796 castos
733 1755 821 1796 suus:
843 1738 892 1796 hio
906 1753 1020 1815 quoqne
1037 1737 1150 1798 Samnis

203 1864 343 1935 Iusserat,
360 1863 515 1941 strictoque
528 1863 606 1923 viam
619 1881 754 1923 maurone
767 1866 893 1925 tenebat.

204 2205 279 2264 Tum
291 2225 406 2283 quoqne
419 2211 492 2283 quot
505 2225 630 2264 summos
644 2205 781 2264 obsidunt
793 2204 887 2262 millia
900 2205 993 2265 saltus

199 2338 350 2413 Apparent
363 2337 493 2394 detecta:
516 2333 584 2394 altis
598 2339 716 2411 apparet
728 2333 761 2392 in
775 2333 885 2391 umbris

202 2465 356 2523 Armorum
368 2464 455 2536 nitor,
471 2466 502 2522 et
514 2463 618 2540 clypei,
635 2462 847 2538 sublustriaqne
861 2480 928 2534 sara,

202 2593 242 2652 llt
254 2595 325 2653 tuba
337 2595 373 2652 de
385 2591 490 2669 patriis
503 2591 560 2650 olet
573 2590 686 2665 agmina
700 2589 764 2648 dira
775 2588 903 2648 latebris.

202 2729 373 2800 Agnoscunt
384 2741 484 2781 vocem
496 2721 677 2793 horrendam,
694 2723 724 2777 et
736 2717 858 2777 lethalia
871 2718 954 2794 signa

201 2853 391 2913 Romulidum
404 2852 528 2911 turbatae
542 2849 626 2908 acies.
668 2847 764 2914 Quam
775 2867 853 2906 nuno
866 2848 922 2906 sibi
933 2848 1025 2908 vallea

199 2983 329 3056 Ignotos,
346 2999 432 3056 quam
445 2983 548 3055 tesqua
561 2977 653 3038 velint
665 2997 725 3038 non
737 2979 814 3036 tacta
827 2975 939 3034 duellet

200 3109 280 3176 Quos
293 3107 370 3167 hosti
383 3111 480 3165 manet
493 3109 637 3165 extremas
650 3105 692 3164 ibi
705 3105 828 3181 pendere
842 3123 950 3180 poenas,

199 3240 240 3298 nt
253 3238 315 3296 sine
329 3255 492 3313 congressu,
508 3236 569 3294 sine
582 3235 711 3308 vulnere,
727 3235 858 3310 linquere
871 3231 970 3291 vitam.

198 3366 265 3424 Non
282 3369 379 3424 tamen
393 3372 536 3441 exercent,
552 3383 614 3424 sero
625 3363 686 3438 jam
699 3381 824 3438 vespere,
840 3360 922 3418 nulla
