2434 3796
546 429 569 492 4

63 675 66 690 ,
83 625 254 684 Detreetens
264 625 345 704 juge,
361 645 413 703 per
426 625 545 700 eisdem,
561 644 613 703 per
626 615 731 685 demna
743 626 844 686 viriles

84 756 223 814 Servabes
236 757 355 828 animos,
370 756 592 833 libertatemque
605 759 764 832 paternam.

82 1063 242 1122 Fortunata
255 1063 314 1122 situ
328 1063 431 1122 tellus!
453 1063 479 1122 si
490 1063 598 1122 littoris
611 1083 661 1122 crs

82 1200 220 1260 Gaeruleis
232 1205 374 1276 praetenta
387 1201 477 1270 fretis
493 1206 524 1259 et
537 1200 688 1276 splendida
700 1199 775 1258 luxu

83 1330 197 1406 Oppida
209 1350 267 1389 non
280 1331 409 1402 aderent,
425 1333 456 1388 et
468 1329 549 1406 puris
561 1329 671 1388 halitus
686 1330 772 1403 euris,

82 1462 124 1518 At
137 1459 216 1518 dulei
229 1460 320 1518 aerios
332 1479 432 1518 rorans
445 1458 594 1536 aspergine
608 1461 721 1518 montes

82 1589 188 1662 Imber,
205 1594 237 1648 at
249 1591 391 1648 umbrosas
404 1589 495 1648 velles
508 1588 579 1648 tibi:
603 1589 675 1648 talia
687 1589 803 1648 fervens

80 1719 189 1796 Empta
202 1719 257 1778 sibi
269 1719 339 1778 totis
353 1718 509 1796 Campania
522 1719 660 1777 messibus
674 1720 762 1794 optet.
808 1713 810 1717 ’
906 1789 907 1798 ¹

82 1853 158 1913 Tum
170 1855 255 1912 terrae
269 1849 373 1923 ultrici,
389 1849 465 1907 nulli
482 1817 632 1907 mutabilis
646 1867 716 1920 sevo,

82 1981 270 2042 Monticolsm
283 1979 435 2056 conjunxit
451 1999 538 2052 amor,
554 1978 707 2061 retrritque
720 1977 821 2054 vagari

82 2107 211 2184 Longius
219 2111 298 2181 3-et
311 2107 429 2184 quidam
442 2106 537 2182 petiit
550 2105 681 2164 sublimis
694 2106 726 2162 in
739 2123 804 2164 erce

82 2236 221 2312 Respicit,
236 2235 351 2294 aestirss
363 2239 446 2311 pater
459 2235 630 2310 Apenninus
643 2234 675 2292 in
689 2253 774 2293 eures

82 2365 126 2424 Ut
138 2365 240 2423 niveus
253 2366 407 2438 consurgat
414 2385 422 2436 ;
444 2366 475 2422 et
487 2361 564 2421 infrt
578 2382 710 2421 murmur
723 2381 863 2439 equarum

81 2493 229 2564 Exoritur,
244 2473 364 2568 lenique
375 2495 526 2551 coruscent
537 2491 654 2550 flamine
668 2491 749 2550 silvoe
759 2512 809 2550 :—

82 2622 169 2681 nicet
182 2620 304 2696 egregiae
318 2619 426 2696 species
438 2620 554 2679 telluris
570 2640 679 2679 amores

82 2751 231 2828 Spectanti
243 2749 373 2808 incendit
386 2749 502 2822 solitos;
523 2749 602 2809 volet
615 2751 694 2808 ultor
706 2749 739 2808 in
751 2749 865 2808 hostem

80 2879 213 2952 Viridus,
229 2884 264 2937 nt
275 2878 344 2936 nido
356 2878 461 2954 pennis
473 2879 492 2938 J
492 2877 555 2937 ovis
568 2878 628 2937 ales
641 2879 676 2936 ab
691 2877 752 2936 ulto

81 3009 192 3085 Lepsus
204 3007 249 3080 iit,
264 3007 375 3066 fissisve
387 3009 479 3065 ruunt
493 3007 528 3065 de
542 3006 690 3065 montibus
704 2981 813 3064 amnes,

82 3297 222 3366 Quocirct
236 3297 358 3376 populos
370 3317 429 3356 non
442 3297 483 3356 sio
495 3297 616 3373 impune
628 3315 681 3373 per
692 3295 760 3355 illos

79 3429 171 3488 Rome
184 3428 271 3486 debet
284 3429 418 3502 stragem,
434 3417 492 3484 neo
502 3425 618 3485 sicsine
631 3424 746 3484 vindice
759 3425 820 3482 fsto
