2434 3796
664 425 684 487 ὅ

195 619 351 679 Cesserunt
361 621 473 698 juncta
487 640 538 698 pro
552 621 687 680 libertate
702 623 840 682 cohorter.

195 749 256 807 Vos
270 749 349 820 adeo,
363 750 488 810 herb'um
502 739 619 823 cineres,
636 771 708 828 quos
722 752 842 810 Pontius
857 750 934 822 clim,

197 877 321 936 Pontius
333 879 461 956 antiquae
475 899 534 938 non
546 879 651 938 ultima
665 879 756 955 gloria
770 879 872 954 gentis,

197 1005 287 1064 Haud
300 1005 418 1064 dubiam
430 1005 462 1063 in
476 1011 598 1064 mortem
611 1005 705 1076 duxit,
721 1006 836 1082 qnando
849 1007 950 1066 invida
963 1010 1065 1067 vatum
1129 1050 1131 1056 -

196 1131 306 1206 Pagina
320 1152 370 1190 vos
383 1131 476 1204 siluit,
492 1151 546 1190 nec
557 1132 666 1190 habent
678 1132 756 1191 facta
769 1133 878 1210 optima
891 1134 1017 1206 Musam,

196 1260 254 1318 Fas
266 1260 341 1318 mihi
354 1265 399 1318 tot
412 1263 477 1337 post
490 1259 575 1318 saecla
587 1259 686 1337 loqui;
707 1261 751 1318 fas
764 1261 890 1319 carmine
904 1262 1022 1320 tandem

198 1385 350 1444 Illustrem
362 1405 518 1444 memorare
531 1386 617 1456 diem,
634 1405 691 1462 quo
705 1387 816 1444 alterna
828 1387 956 1445 laborem

198 1514 334 1573 Vestrum
347 1515 444 1590 etiam,
460 1520 570 1575 vestras
582 1522 689 1593 partes,
704 1517 834 1575 Fortuna
849 1518 969 1611 revisit:

197 1643 288 1703 Plura
300 1646 398 1704 nefas:
421 1647 474 1704 bos
487 1647 589 1704 saltem
603 1647 685 1704 urnis
698 1648 750 1705 hos
764 1667 898 1722 spargere
910 1647 1014 1706 vestris

199 1774 303 1832 Restat
316 1775 411 1832 adhuc
424 1794 509 1848 seros,
524 1791 588 1832 mea
600 1775 701 1834 tenuia
714 1794 842 1848 munera,
858 1775 951 1835 flores.

202 1995 325 2069 Aspice!
346 2015 411 2073 quae
424 1997 522 2073 nigras
534 1998 612 2057 inter
626 1999 773 2058 flectentia
786 1998 877 2058 valles
923 2044 926 2050 ,

202 2123 392 2184 Romulidum
403 2127 512 2186 vexilla
524 2125 649 2186 micant!
671 2127 753 2204 queis
767 2128 861 2186 fertur
873 2127 905 2185 in
918 2128 1005 2186 armis

200 2254 331 2331 Spurius,
348 2257 467 2316 obsessae
480 2275 594 2316 rumore
608 2257 741 2316 incensus
754 2277 850 2314 amaro

199 2383 338 2455 Luceriae,
354 2403 413 2442 non
425 2385 476 2443 illc
491 2389 738 2462 aequcrtutasque
751 2385 865 2442 viarum

199 2511 218 2568 J
219 2531 265 2569 am
277 2513 390 2588 patiens
404 2533 517 2572 servare
530 2514 640 2572 moras!
662 2534 714 2590 per
727 2513 852 2571 claustra
862 2514 1000 2590 jugorum
1022 2491 1023 2494 Ἴ

198 2643 291 2716 Invia,
307 2663 359 2719 per
371 2663 472 2702 raneos
486 2644 594 2702 avulsis
607 2645 754 2702 montibus
768 2663 874 2715 amnes,
982 2641 984 2646 ’

198 2773 324 2845 Scilicet,
340 2775 371 2832 ct
383 2772 485 2849 populi
498 2772 625 2830 medium
640 2772 788 2848 penetrale
801 2771 912 2844 ferocis,

198 2903 267 2962 Huc
279 2903 386 2961 molem
398 2902 568 2975 bellantum,
584 2903 642 2961 huc
655 2902 774 2976 longum
788 2900 911 2978 proripit
925 2917 1037 2975 agmen.

198 3033 239 3091 Et
248 3033 311 3109 jam
326 3031 485 3107 Campanas
499 3033 618 3105 segetes,
634 3035 791 3106 notamque
803 3028 925 3104 reliquit

198 3157 373 3217 Planitiem:
395 3176 448 3215 nec
462 3157 619 3234 quidquam
634 3155 690 3214 atri
703 3154 760 3214 nisi
773 3175 869 3214 ramea
883 3153 973 3214 saltus

198 3287 288 3346 Tecta
300 3286 397 3356 videt3
419 3305 470 3346 seu
482 3286 557 3346 forte
567 3285 649 3363 jugis
661 3285 793 3344 revoluta
806 3257 934 3343 Taburni

198 3414 308 3474 Nubila
321 3414 477 3474 inaccessas
490 3413 630 3473 nndtrint
643 3412 751 3471 vertice
764 3415 872 3485 cautes,
