2434 3796
635 429 674 491 ll

178 625 261 685 Hora
274 626 344 683 adeo
357 626 454 684 fatalis
468 626 548 684 adest
561 647 567 682 :
591 625 674 684 stetit
686 644 803 701 aequore
814 627 912 700 aperte

179 750 275 808 Triste
285 749 400 826 jugum,
417 757 583 826 turmasque
596 749 710 806 minans
724 751 858 823 expectat
870 749 1003 806 inermes.

180 877 253 943 Quis
266 878 448 954 majestatem
460 877 580 954 lapsam,
597 877 662 954 quis
676 877 802 935 carmine
815 897 909 953 paenae

181 1005 268 1064 Illius
281 1011 410 1082 aequaret
422 1005 543 1066 luctus?
582 1007 629 1064 En
643 1006 766 1066 Consul!
788 1007 908 1065 honesto

180 1133 269 1192 Laena
274 1135 354 1211 jacet
366 1135 496 1192 detracta
508 1134 646 1206 humer0;
668 1153 721 1192 nec
734 1135 819 1193 lictor
832 1135 915 1194 eunti

181 1263 349 1321 summovet
361 1262 495 1322 hostilem
511 1264 645 1321 turbam:
667 1283 719 1340 per
732 1264 870 1340 utrinque
883 1265 1009 1322 minaces

180 1387 238 1446 Ille
251 1389 333 1460 acies,
349 1388 444 1446 aliena
457 1387 547 1446 tlucis
559 1407 612 1464 per
624 1408 770 1448 murmura
784 1389 902 1465 linguas,

181 1516 351 1590 Ingreditur
364 1514 462 1586 tacite,
478 1521 508 1575 et
522 1516 584 1575 diro
598 1537 628 1575 se
642 1517 761 1594 subjicit
774 1537 851 1576 arcu.

179 1645 255 1703 Tum
268 1651 386 1703 maestus
399 1645 546 1734 legionum
559 1647 644 1704 erdo:
668 1647 740 1706 daut
754 1647 869 1721 singula
881 1647 980 1704 cuncti

113 1833 116 1847 ,
178 1772 260 1832 Gella
269 1773 351 1849 jugo,
367 1773 510 1849 seriesque
524 1773 619 1831 viriam
632 1773 762 1850 procedit
773 1773 911 1833 inermis:

181 1900 259 1966 Quos
272 1901 378 1960 circum
392 1903 505 1961 densati
517 1902 622 1975 hostes,
639 1906 669 1960 et
681 1904 787 1978 probra
801 1904 932 1978 superbae

180 2029 316 2089 Illudunt
327 2032 437 2106 gentis3
459 2039 667 2107 promptusque
680 2031 712 2089 in
725 2033 847 2090 vulnere
859 2051 957 2090 mucro

179 2159 317 2230 Exsiluit,
333 2161 418 2219 mode
432 2167 513 2219 torvo
525 2161 638 2219 animus
652 2166 831 2236 contemptor
843 2161 876 2218 in
889 2181 937 2219 ore

179 2277 315 2360 Fulserit,
332 2295 362 2348 et
374 2294 489 2365 turpem
502 2289 588 2347 cerda
600 2289 784 2364 indignantia
803 2308 926 2365 paenam.

178 2505 300 2582 Jamque
310 2506 383 2582 jugo
398 2504 542 2562 summissi
556 2523 663 2572 omnes,
679 2503 813 2578 saltuque
826 2501 927 2561 relicto

180 2631 291 2690 Ultima
304 2636 431 2691 curvatae
445 2631 606 2689 condebant
619 2629 735 2704 agmina
747 2629 846 2687 valles.

177 2761 252 2821 Ecce
266 2760 380 2820 autem!
402 2761 563 2837 digressum
575 2759 653 2817 inter
665 2777 802 2851 conversa
815 2779 990 2835 supremum,

178 2889 257 2956 Quas
270 2890 368 2947 fauces
381 2889 485 2959 adiere,
502 2887 622 2962 atrtque
634 2886 771 2962 voragine
785 2887 872 2945 silvas

179 3019 264 3078 Stant
277 3025 353 3077 retro
367 3017 513 3093 speculata
524 3040 531 3075 z
554 3016 651 3074 oculos
664 3017 714 3074 sed
727 3015 845 3074 miscuit
856 3017 948 3076 imber

177 3147 313 3206 Effraenis
325 3148 527 3222 laerymarum,
545 3153 574 3204 et
588 3146 661 3204 salso
675 3165 739 3203 rore
752 3146 866 3205 fefellit.

178 3278 295 3336 Cladem
309 3276 355 3334 illi
369 3294 446 3332 nunc
461 3293 572 3332 omnem
586 3273 698 3343 animis,
714 3294 884 3352 omnemque
897 3277 1042 3353 repulsam

178 3406 371 3481 Concipiunt:
395 3405 478 3464 cdere
493 3423 585 3475 auras,
602 3404 686 3462 odere
700 3411 822 3479 receptae
