<?xml version="1.0" encoding="UTF-8"?>
<!DOCTYPE html PUBLIC "-//W3C//DTD XHTML 1.0 Transitional//EN"
    "http://www.w3.org/TR/xhtml1/DTD/xhtml1-transitional.dtd">
<html xmlns="http://www.w3.org/1999/xhtml" xml:lang="en" lang="en">
 <head>
  <title>
</title>
<meta http-equiv="Content-Type" content="text/html;charset=utf-8" />
  <meta name='ocr-system' content='tesseract 3.04.00' />
  <meta name='ocr-capabilities' content='ocr_page ocr_carea ocr_par ocr_line ocrx_word'/>
</head>
<body>
  <div class='ocr_page' id='page_1' title='image "./furculcaudincar00moorgoog_0014.png"; bbox 0 0 2434 3796; ppageno 0'>
   <div class='ocr_carea' id='block_1_1' title="bbox 654 427 673 488">
    <p class='ocr_par' dir='ltr' id='par_1_1' title="bbox 654 427 673 488">
     <span class='ocr_line' id='line_1_1' title="bbox 654 427 673 488; baseline 0 0"><span class='ocrx_word' id='word_1_1' title='bbox 654 427 673 488; x_wconf 83' lang='grc'>9</span> 
     </span>
    </p>
   </div>
   <div class='ocr_carea' id='block_1_2' title="bbox 187 619 985 1209">
    <p class='ocr_par' dir='ltr' id='par_1_2' title="bbox 187 619 985 1209">
     <span class='ocr_line' id='line_1_2' title="bbox 192 619 904 696; baseline -0.001 -16"><span class='ocrx_word' id='word_1_2' title='bbox 192 620 320 680; x_wconf 86' lang='lat' dir='ltr'>Romula</span> <span class='ocrx_word' id='word_1_3' title='bbox 332 620 460 679; x_wconf 90' lang='lat' dir='ltr'>deseruit</span> <span class='ocrx_word' id='word_1_4' title='bbox 473 619 567 694; x_wconf 85' lang='lat' dir='ltr'>legio:</span> <span class='ocrx_word' id='word_1_5' title='bbox 590 639 658 695; x_wconf 87' lang='lat' dir='ltr'>pars</span> <span class='ocrx_word' id='word_1_6' title='bbox 672 621 786 696; x_wconf 82' lang='lat' dir='ltr'><strong>agmine</strong></span> <span class='ocrx_word' id='word_1_7' title='bbox 800 622 904 680; x_wconf 81' lang='lat' dir='ltr'>anhelo</span> 
     </span>
     <span class='ocr_line' id='line_1_3' title="bbox 188 749 945 828; baseline 0.001 -19"><span class='ocrx_word' id='word_1_8' title='bbox 188 750 351 809; x_wconf 88' lang='lat' dir='ltr'>Dumosum</span> <span class='ocrx_word' id='word_1_9' title='bbox 365 749 477 809; x_wconf 78' lang='lat' dir='ltr'><strong>scandit</strong></span> <span class='ocrx_word' id='word_1_10' title='bbox 490 755 627 822; x_wconf 88' lang='lat' dir='ltr'>montem,</span> <span class='ocrx_word' id='word_1_11' title='bbox 643 750 826 828; x_wconf 88' lang='lat' dir='ltr'>Martemque</span> <span class='ocrx_word' id='word_1_12' title='bbox 839 751 945 826; x_wconf 82' lang='lat' dir='ltr'>fatigat</span> 
     </span>
     <span class='ocr_line' id='line_1_4' title="bbox 187 878 865 955; baseline 0 -17"><span class='ocrx_word' id='word_1_13' title='bbox 187 879 331 938; x_wconf 77' lang='lat' dir='ltr'><strong>Cautibus</strong></span> <span class='ocrx_word' id='word_1_14' title='bbox 345 878 431 937; x_wconf 67' lang='lat' dir='ltr'>atriis</span> <span class='ocrx_word' id='word_1_15' title='bbox 443 878 573 951; x_wconf 82' lang='lat' dir='ltr'>haerens3</span> <span class='ocrx_word' id='word_1_16' title='bbox 594 898 662 955; x_wconf 88' lang='lat' dir='ltr'>pars</span> <span class='ocrx_word' id='word_1_17' title='bbox 676 897 763 937; x_wconf 83' lang='lat' dir='ltr'>saxea</span> <span class='ocrx_word' id='word_1_18' title='bbox 778 879 865 938; x_wconf 90' lang='lat' dir='ltr'>denso</span> 
     </span>
     <span class='ocr_line' id='line_1_5' title="bbox 192 1006 985 1084; baseline 0.001 -18"><span class='ocrx_word' id='word_1_19' title='bbox 192 1006 325 1066; x_wconf 78' lang='lat' dir='ltr'>Claustra</span> <span class='ocrx_word' id='word_1_20' title='bbox 338 1006 431 1081; x_wconf 88' lang='lat' dir='ltr'>globo,</span> <span class='ocrx_word' id='word_1_21' title='bbox 447 1006 587 1084; x_wconf 80' lang='lat' dir='ltr'>vanisque</span> <span class='ocrx_word' id='word_1_22' title='bbox 600 1007 698 1066; x_wconf 89' lang='lat' dir='ltr'>editus</span> <span class='ocrx_word' id='word_1_23' title='bbox 710 1008 868 1067; x_wconf 78' lang='lat' dir='ltr'>assultibus</span> <span class='ocrx_word' id='word_1_24' title='bbox 880 1012 965 1084; x_wconf 84' lang='lat' dir='ltr'>urget</span> <span class='ocrx_word' id='word_1_25' title='bbox 978 1029 985 1066; x_wconf 93' lang='lat'><strong>:</strong></span> 
     </span>
     <span class='ocr_line' id='line_1_6' title="bbox 189 1135 899 1209; baseline -0.001 -14"><span class='ocrx_word' id='word_1_26' title='bbox 189 1136 257 1196; x_wconf 87' lang='lat' dir='ltr'>Non</span> <span class='ocrx_word' id='word_1_27' title='bbox 270 1137 310 1209; x_wconf 79' lang='lat' dir='ltr'>vi,</span> <span class='ocrx_word' id='word_1_28' title='bbox 327 1156 385 1195; x_wconf 90' lang='lat' dir='ltr'>non</span> <span class='ocrx_word' id='word_1_29' title='bbox 399 1137 487 1196; x_wconf 88' lang='lat' dir='ltr'>armis</span> <span class='ocrx_word' id='word_1_30' title='bbox 499 1157 589 1195; x_wconf 87' lang='lat' dir='ltr'>usus:</span> <span class='ocrx_word' id='word_1_31' title='bbox 611 1138 693 1195; x_wconf 84' lang='lat' dir='ltr'>vetat</span> <span class='ocrx_word' id='word_1_32' title='bbox 705 1136 796 1195; x_wconf 86' lang='lat' dir='ltr'>ardua</span> <span class='ocrx_word' id='word_1_33' title='bbox 808 1135 899 1195; x_wconf 82' lang='lat' dir='ltr'>saltds</span> 
     </span>
    </p>
   </div>
   <div class='ocr_carea' id='block_1_3' title="bbox 189 1263 977 1341">
    <p class='ocr_par' dir='ltr' id='par_1_3' title="bbox 189 1263 977 1341">
     <span class='ocr_line' id='line_1_7' title="bbox 189 1263 977 1341; baseline -0.005 -17"><span class='ocrx_word' id='word_1_34' title='bbox 189 1263 338 1341; x_wconf 84' lang='lat' dir='ltr'>Majestas,</span> <span class='ocrx_word' id='word_1_35' title='bbox 353 1264 474 1341; x_wconf 71' lang='lat' dir='ltr'>totaque</span> <span class='ocrx_word' id='word_1_36' title='bbox 486 1282 651 1340; x_wconf 82' lang='lat' dir='ltr'>repugnans</span> <span class='ocrx_word' id='word_1_37' title='bbox 663 1263 755 1321; x_wconf 89' lang='lat' dir='ltr'>hostis</span> <span class='ocrx_word' id='word_1_38' title='bbox 769 1263 804 1321; x_wconf 90' lang='lat' dir='ltr'>ab</span> <span class='ocrx_word' id='word_1_39' title='bbox 818 1281 891 1321; x_wconf 86' lang='lat' dir='ltr'>aree.</span> <span class='ocrx_word' id='word_1_40' title='bbox 973 1263 977 1270; x_wconf 85' lang='lat'>&#39;</span> 
     </span>
    </p>
   </div>
   <div class='ocr_carea' id='block_1_4' title="bbox 193 1451 934 1529">
    <p class='ocr_par' dir='ltr' id='par_1_4' title="bbox 193 1451 934 1529">
     <span class='ocr_line' id='line_1_8' title="bbox 193 1451 934 1529; baseline 0 -18"><span class='ocrx_word' id='word_1_41' title='bbox 193 1453 273 1528; x_wconf 84' lang='lat' dir='ltr'>Ergo</span> <span class='ocrx_word' id='word_1_42' title='bbox 286 1452 338 1510; x_wconf 89' lang='lat' dir='ltr'>ubi</span> <span class='ocrx_word' id='word_1_43' title='bbox 350 1452 475 1529; x_wconf 80' lang='lat' dir='ltr'>dejectos</span> <span class='ocrx_word' id='word_1_44' title='bbox 489 1471 602 1526; x_wconf 86' lang='lat' dir='ltr'>euneos,</span> <span class='ocrx_word' id='word_1_45' title='bbox 618 1451 803 1529; x_wconf 81' lang='lat' dir='ltr'>crebramque</span> <span class='ocrx_word' id='word_1_46' title='bbox 817 1472 934 1511; x_wconf 88' lang='lat' dir='ltr'>suorum</span> 
     </span>
    </p>
   </div>
   <div class='ocr_carea' id='block_1_5' title="bbox 194 1565 952 1658">
    <p class='ocr_par' dir='ltr' id='par_1_5' title="bbox 194 1565 952 1658">
     <span class='ocr_line' id='line_1_9' title="bbox 194 1565 952 1658; baseline -0.001 -19"><span class='ocrx_word' id='word_1_47' title='bbox 194 1581 265 1639; x_wconf 86' lang='lat' dir='ltr'>Dux</span> <span class='ocrx_word' id='word_1_48' title='bbox 279 1581 403 1654; x_wconf 83' lang='lat' dir='ltr'>stragem</span> <span class='ocrx_word' id='word_1_49' title='bbox 415 1579 537 1655; x_wconf 81' lang='lat' dir='ltr'>aspexit,</span> <span class='ocrx_word' id='word_1_50' title='bbox 554 1580 742 1658; x_wconf 86' lang='lat' dir='ltr'>revolutaque</span> <span class='ocrx_word' id='word_1_51' title='bbox 756 1565 873 1657; x_wconf 79' lang='lat' dir='ltr'>corpora</span> <span class='ocrx_word' id='word_1_52' title='bbox 885 1580 952 1652; x_wconf 85' lang='lat' dir='ltr'>leto,</span> 
     </span>
    </p>
   </div>
   <div class='ocr_carea' id='block_1_6' title="bbox 194 1701 1033 2422">
    <p class='ocr_par' dir='ltr' id='par_1_6' title="bbox 194 1701 935 1904">
     <span class='ocr_line' id='line_1_10' title="bbox 194 1701 935 1781; baseline 0.004 -21"><span class='ocrx_word' id='word_1_53' title='bbox 194 1703 270 1768; x_wconf 83' lang='lat' dir='ltr'>Tum</span> <span class='ocrx_word' id='word_1_54' title='bbox 283 1703 400 1761; x_wconf 89' lang='lat' dir='ltr'>demum</span> <span class='ocrx_word' id='word_1_55' title='bbox 413 1701 546 1760; x_wconf 75' lang='lat' dir='ltr'>revocata</span> <span class='ocrx_word' id='word_1_56' title='bbox 560 1702 629 1774; x_wconf 90' lang='lat' dir='ltr'>aoie,</span> <span class='ocrx_word' id='word_1_57' title='bbox 644 1703 794 1781; x_wconf 83' lang='lat' dir='ltr'>fessusque</span> <span class='ocrx_word' id='word_1_58' title='bbox 806 1704 935 1766; x_wconf 79' lang='lat' dir='ltr'>residens</span> 
     </span>
     <span class='ocr_line' id='line_1_11' title="bbox 196 1829 890 1904; baseline 0.001 -16"><span class='ocrx_word' id='word_1_59' title='bbox 196 1829 304 1888; x_wconf 86' lang='lat' dir='ltr'>Orabat</span> <span class='ocrx_word' id='word_1_60' title='bbox 316 1847 425 1904; x_wconf 88' lang='lat' dir='ltr'>paoem,</span> <span class='ocrx_word' id='word_1_61' title='bbox 440 1834 471 1888; x_wconf 86' lang='lat' dir='ltr'>et</span> <span class='ocrx_word' id='word_1_62' title='bbox 483 1830 594 1904; x_wconf 84' lang='lat' dir='ltr'>palmas</span> <span class='ocrx_word' id='word_1_63' title='bbox 607 1830 745 1889; x_wconf 82' lang='lat' dir='ltr'>tendebat</span> <span class='ocrx_word' id='word_1_64' title='bbox 756 1829 890 1890; x_wconf 87' lang='lat' dir='ltr'>inermes.</span> 
     </span>
    </p>

    <p class='ocr_par' dir='ltr' id='par_1_7' title="bbox 198 1953 899 2033">
     <span class='ocr_line' id='line_1_12' title="bbox 198 1953 899 2033; baseline 0.007 -21"><span class='ocrx_word' id='word_1_65' title='bbox 198 1953 320 2030; x_wconf 88' lang='lat' dir='ltr'>Jamque</span> <span class='ocrx_word' id='word_1_66' title='bbox 333 1973 349 2013; x_wconf 87' lang='lat' dir='ltr'>a</span> <span class='ocrx_word' id='word_1_67' title='bbox 363 1955 483 2014; x_wconf 90' lang='lat' dir='ltr'>oonoilio</span> <span class='ocrx_word' id='word_1_68' title='bbox 497 1955 584 2014; x_wconf 80' lang='lat' dir='ltr'>Ponti</span> <span class='ocrx_word' id='word_1_69' title='bbox 596 1976 730 2033; x_wconf 89' lang='lat' dir='ltr'>responsa</span> <span class='ocrx_word' id='word_1_70' title='bbox 743 1960 899 2017; x_wconf 88' lang='lat' dir='ltr'>retrorsum</span> 
     </span>
    </p>

    <p class='ocr_par' dir='ltr' id='par_1_8' title="bbox 198 2079 846 2157">
     <span class='ocr_line' id='line_1_13' title="bbox 198 2079 846 2157; baseline 0.008 -18"><span class='ocrx_word' id='word_1_71' title='bbox 198 2079 302 2157; x_wconf 83' lang='lat' dir='ltr'>Legati</span> <span class='ocrx_word' id='word_1_72' title='bbox 315 2082 444 2142; x_wconf 87' lang='lat' dir='ltr'>deferre:</span> <span class='ocrx_word' id='word_1_73' title='bbox 467 2084 545 2144; x_wconf 84' lang='lat' dir='ltr'>viros</span> <span class='ocrx_word' id='word_1_74' title='bbox 557 2104 616 2144; x_wconf 93' lang='lat' dir='ltr'>non</span> <span class='ocrx_word' id='word_1_75' title='bbox 628 2084 679 2143; x_wconf 90' lang='lat' dir='ltr'>ille</span> <span class='ocrx_word' id='word_1_76' title='bbox 693 2090 846 2144; x_wconf 82' lang='lat' dir='ltr'>cruentum</span> 
     </span>
    </p>

    <p class='ocr_par' dir='ltr' id='par_1_9' title="bbox 199 2209 1033 2422">
     <span class='ocr_line' id='line_1_14' title="bbox 199 2209 984 2292; baseline 0.008 -23"><span class='ocrx_word' id='word_1_77' title='bbox 199 2209 319 2270; x_wconf 77' lang='lat' dir='ltr'>Poscere</span> <span class='ocrx_word' id='word_1_78' title='bbox 333 2212 509 2289; x_wconf 84' lang='lat' dir='ltr'>supplicium</span> <span class='ocrx_word' id='word_1_79' title='bbox 523 2233 617 2274; x_wconf 76' lang='lat' dir='ltr'>saevus</span> <span class='ocrx_word' id='word_1_80' title='bbox 627 2235 728 2287; x_wconf 90' lang='lat' dir='ltr'>;—sua</span> <span class='ocrx_word' id='word_1_81' title='bbox 741 2217 794 2274; x_wconf 90' lang='lat' dir='ltr'>sub</span> <span class='ocrx_word' id='word_1_82' title='bbox 803 2216 876 2292; x_wconf 82' lang='lat' dir='ltr'>juga</span> <span class='ocrx_word' id='word_1_83' title='bbox 888 2216 984 2275; x_wconf 86' lang='lat' dir='ltr'>missis</span> 
     </span>
     <span class='ocr_line' id='line_1_15' title="bbox 200 2339 1033 2422; baseline 0.006 -24"><span class='ocrx_word' id='word_1_84' title='bbox 200 2339 261 2399; x_wconf 88' lang='lat' dir='ltr'>Dat</span> <span class='ocrx_word' id='word_1_85' title='bbox 273 2341 369 2400; x_wconf 87' lang='lat' dir='ltr'>foedus</span> <span class='ocrx_word' id='word_1_86' title='bbox 381 2361 554 2420; x_wconf 75' lang='lat' dir='ltr'>pacemque,</span> <span class='ocrx_word' id='word_1_87' title='bbox 575 2364 664 2403; x_wconf 88' lang='lat' dir='ltr'>unam</span> <span class='ocrx_word' id='word_1_88' title='bbox 672 2346 748 2404; x_wconf 90' lang='lat' dir='ltr'>hano</span> <span class='ocrx_word' id='word_1_89' title='bbox 761 2366 799 2404; x_wconf 83' lang='lat' dir='ltr'>ex</span> <span class='ocrx_word' id='word_1_90' title='bbox 811 2346 894 2405; x_wconf 90' lang='lat' dir='ltr'>hoste</span> <span class='ocrx_word' id='word_1_91' title='bbox 907 2345 1033 2422; x_wconf 87' lang='lat' dir='ltr'>requirit</span> 
     </span>
    </p>
   </div>
   <div class='ocr_carea' id='block_1_7' title="bbox 199 2468 932 2551">
    <p class='ocr_par' dir='ltr' id='par_1_10' title="bbox 199 2468 932 2551">
     <span class='ocr_line' id='line_1_16' title="bbox 199 2468 932 2551; baseline 0.01 -25"><span class='ocrx_word' id='word_1_92' title='bbox 199 2468 372 2542; x_wconf 81' lang='lat' dir='ltr'>Mercedem,</span> <span class='ocrx_word' id='word_1_93' title='bbox 387 2472 442 2530; x_wconf 91' lang='lat' dir='ltr'>boo</span> <span class='ocrx_word' id='word_1_94' title='bbox 455 2491 547 2531; x_wconf 90' lang='lat' dir='ltr'>unum</span> <span class='ocrx_word' id='word_1_95' title='bbox 559 2474 622 2532; x_wconf 72' lang='lat' dir='ltr'>vitat</span> <span class='ocrx_word' id='word_1_96' title='bbox 634 2494 685 2551; x_wconf 88' lang='lat' dir='ltr'>pro</span> <span class='ocrx_word' id='word_1_97' title='bbox 699 2475 804 2551; x_wconf 87' lang='lat' dir='ltr'>sospite</span> <span class='ocrx_word' id='word_1_98' title='bbox 817 2494 932 2533; x_wconf 90' lang='lat' dir='ltr'>munus.</span> 
     </span>
    </p>
   </div>
   <div class='ocr_carea' id='block_1_8' title="bbox 201 2659 970 3381">
    <p class='ocr_par' dir='ltr' id='par_1_11' title="bbox 201 2659 901 2997">
     <span class='ocr_line' id='line_1_17' title="bbox 202 2659 901 2741; baseline 0.009 -24"><span class='ocrx_word' id='word_1_99' title='bbox 202 2659 314 2732; x_wconf 82' lang='lat' dir='ltr'>Audiit,</span> <span class='ocrx_word' id='word_1_100' title='bbox 331 2665 361 2719; x_wconf 91' lang='lat' dir='ltr'>et</span> <span class='ocrx_word' id='word_1_101' title='bbox 373 2661 476 2736; x_wconf 84' lang='lat' dir='ltr'>legem,</span> <span class='ocrx_word' id='word_1_102' title='bbox 492 2663 551 2740; x_wconf 71' lang='lat' dir='ltr'>qud</span> <span class='ocrx_word' id='word_1_103' title='bbox 564 2683 640 2722; x_wconf 90' lang='lat' dir='ltr'>mors</span> <span class='ocrx_word' id='word_1_104' title='bbox 653 2683 711 2723; x_wconf 91' lang='lat' dir='ltr'>non</span> <span class='ocrx_word' id='word_1_105' title='bbox 724 2664 815 2723; x_wconf 87' lang='lat' dir='ltr'>dirior</span> <span class='ocrx_word' id='word_1_106' title='bbox 828 2665 901 2741; x_wconf 87' lang='lat' dir='ltr'>ipsa,</span> 
     </span>
     <span class='ocr_line' id='line_1_18' title="bbox 201 2787 868 2869; baseline 0.012 -23"><span class='ocrx_word' id='word_1_107' title='bbox 201 2787 313 2848; x_wconf 84' lang='lat' dir='ltr'>Palluit</span> <span class='ocrx_word' id='word_1_108' title='bbox 325 2789 456 2850; x_wconf 86' lang='lat' dir='ltr'>auditam</span> <span class='ocrx_word' id='word_1_109' title='bbox 468 2791 553 2850; x_wconf 87' lang='lat' dir='ltr'>milas</span> <span class='ocrx_word' id='word_1_110' title='bbox 565 2814 572 2851; x_wconf 80' lang='grc' dir='ltr'>ι</span> <span class='ocrx_word' id='word_1_111' title='bbox 596 2792 708 2852; x_wconf 88' lang='lat' dir='ltr'>subiere</span> <span class='ocrx_word' id='word_1_112' title='bbox 721 2813 868 2869; x_wconf 83' lang='lat' dir='ltr'>regressus</span> 
     </span>
     <span class='ocr_line' id='line_1_19' title="bbox 202 2914 881 2997; baseline 0.013 -25"><span class='ocrx_word' id='word_1_113' title='bbox 202 2914 350 2988; x_wconf 88' lang='lat' dir='ltr'>Imbelles,</span> <span class='ocrx_word' id='word_1_114' title='bbox 366 2916 456 2975; x_wconf 86' lang='lat' dir='ltr'>sooias</span> <span class='ocrx_word' id='word_1_115' title='bbox 469 2917 559 2981; x_wconf 88' lang='lat' dir='ltr'>subiit</span> <span class='ocrx_word' id='word_1_116' title='bbox 571 2918 620 2977; x_wconf 85' lang='lat' dir='ltr'>via</span> <span class='ocrx_word' id='word_1_117' title='bbox 632 2920 711 2978; x_wconf 83' lang='lat' dir='ltr'>foeda</span> <span class='ocrx_word' id='word_1_118' title='bbox 723 2940 775 2997; x_wconf 92' lang='lat' dir='ltr'>per</span> <span class='ocrx_word' id='word_1_119' title='bbox 787 2924 881 2994; x_wconf 84' lang='lat' dir='ltr'>urbes,</span> 
     </span>
    </p>

    <p class='ocr_par' dir='ltr' id='par_1_12' title="bbox 202 3041 843 3119">
     <span class='ocr_line' id='line_1_20' title="bbox 202 3041 843 3119; baseline 0.016 -20"><span class='ocrx_word' id='word_1_120' title='bbox 202 3041 251 3115; x_wconf 85' lang='lat' dir='ltr'>Et,</span> <span class='ocrx_word' id='word_1_121' title='bbox 266 3041 352 3117; x_wconf 68' lang='lat' dir='ltr'>longe</span> <span class='ocrx_word' id='word_1_122' title='bbox 367 3044 506 3119; x_wconf 81' lang='lat' dir='ltr'>graviora,</span> <span class='ocrx_word' id='word_1_123' title='bbox 523 3041 582 3106; x_wconf 77' lang='lat' dir='ltr'>suae</span> <span class='ocrx_word' id='word_1_124' title='bbox 595 3047 721 3107; x_wconf 88' lang='lat' dir='ltr'>ludibria</span> <span class='ocrx_word' id='word_1_125' title='bbox 735 3051 843 3110; x_wconf 84' lang='lat' dir='ltr'>Romoe.</span> 
     </span>
    </p>

    <p class='ocr_par' dir='ltr' id='par_1_13' title="bbox 203 3171 970 3381">
     <span class='ocr_line' id='line_1_21' title="bbox 203 3171 960 3254; baseline 0.011 -26"><span class='ocrx_word' id='word_1_126' title='bbox 203 3171 222 3229; x_wconf 85' lang='lat' dir='ltr'><strong>J</strong></span> <span class='ocrx_word' id='word_1_127' title='bbox 223 3190 270 3229; x_wconf 90' lang='lat' dir='ltr'>am</span> <span class='ocrx_word' id='word_1_128' title='bbox 283 3171 405 3231; x_wconf 90' lang='lat' dir='ltr'>dubium</span> <span class='ocrx_word' id='word_1_129' title='bbox 417 3173 527 3249; x_wconf 88' lang='lat' dir='ltr'>pariter</span> <span class='ocrx_word' id='word_1_130' title='bbox 540 3176 655 3250; x_wconf 85' lang='lat' dir='ltr'>vulgus,</span> <span class='ocrx_word' id='word_1_131' title='bbox 671 3177 836 3254; x_wconf 86' lang='lat' dir='ltr'>pariterque</span> <span class='ocrx_word' id='word_1_132' title='bbox 848 3177 960 3237; x_wconf 88' lang='lat' dir='ltr'>tribuni</span> 
     </span>
     <span class='ocr_line' id='line_1_22' title="bbox 207 3298 970 3381; baseline 0.013 -25"><span class='ocrx_word' id='word_1_133' title='bbox 207 3298 295 3358; x_wconf 76' lang='lat' dir='ltr'>Stant</span> <span class='ocrx_word' id='word_1_134' title='bbox 308 3305 424 3359; x_wconf 80' lang='lat' dir='ltr'>mastos</span> <span class='ocrx_word' id='word_1_135' title='bbox 437 3301 527 3362; x_wconf 80' lang='lat' dir='ltr'>defixi</span> <span class='ocrx_word' id='word_1_136' title='bbox 540 3304 654 3362; x_wconf 85' lang='lat' dir='ltr'>oeulos:</span> <span class='ocrx_word' id='word_1_137' title='bbox 673 3304 736 3380; x_wconf 89' lang='lat' dir='ltr'>jam</span> <span class='ocrx_word' id='word_1_138' title='bbox 750 3306 859 3364; x_wconf 86' lang='lat' dir='ltr'>lumine</span> <span class='ocrx_word' id='word_1_139' title='bbox 873 3305 970 3381; x_wconf 87' lang='lat' dir='ltr'>signat</span> 
     </span>
    </p>
   </div>
   <div class='ocr_carea' id='block_1_9' title="bbox 205 3413 1039 3511">
    <p class='ocr_par' dir='ltr' id='par_1_14' title="bbox 205 3413 1039 3511">
     <span class='ocr_line' id='line_1_23' title="bbox 205 3413 1039 3511; baseline 0.01 -26"><span class='ocrx_word' id='word_1_140' title='bbox 205 3413 336 3504; x_wconf 76' lang='lat' dir='ltr'>Quisque</span> <span class='ocrx_word' id='word_1_141' title='bbox 350 3429 468 3489; x_wconf 84' lang='lat' dir='ltr'>duoom:</span> <span class='ocrx_word' id='word_1_142' title='bbox 492 3435 590 3490; x_wconf 86' lang='lat' dir='ltr'>tamen</span> <span class='ocrx_word' id='word_1_143' title='bbox 603 3432 654 3492; x_wconf 88' lang='lat' dir='ltr'>ille</span> <span class='ocrx_word' id='word_1_144' title='bbox 668 3432 743 3506; x_wconf 87' lang='lat' dir='ltr'>silet,</span> <span class='ocrx_word' id='word_1_145' title='bbox 759 3438 911 3511; x_wconf 85' lang='lat' dir='ltr'>teotusque</span> <span class='ocrx_word' id='word_1_146' title='bbox 923 3439 1039 3494; x_wconf 76' lang='lat' dir='ltr'>roousot</span> 
     </span>
    </p>
   </div>
   <div class='ocr_carea' id='block_1_10' title="bbox 0 0 1240 3796">
    <p class='ocr_par' dir='ltr' id='par_1_15' title="bbox 0 0 1240 3796">
     <span class='ocr_line' id='line_1_24' title="bbox 0 0 1240 3796; baseline 0 0"><span class='ocrx_word' id='word_1_147' title='bbox 0 0 1240 3796; x_wconf 95' lang='lat' dir='ltr'> </span> 
     </span>
    </p>
   </div>
  </div>
 </body>
</html>
