2434 3796
628 414 667 477 13

79 607 89 616 ”
166 609 268 669 Exitio
282 609 385 686 pietas,
402 629 439 668 ex
453 630 510 686 quo
523 611 633 669 ferrum
647 631 711 670 aere
724 605 880 670 recondens

165 738 314 814 Imposuit
327 738 415 813 leges,
432 742 462 797 et
474 758 532 796 non
546 739 690 815 placitura
703 740 813 804 Quiriti

164 867 296 938 Foedera,
311 885 365 924 nee
378 873 492 943 pactam
505 861 632 942 speravit
644 868 746 926 fallere
759 869 901 928 dextram.
923 878 926 882 ’

128 1055 130 1062 ,
166 993 245 1052 Gens
258 993 379 1069 antiqua
392 994 463 1066 ruit,
478 995 579 1070 longos
592 1015 658 1072 quae
673 1002 785 1072 sceptra
798 1017 850 1073 per
863 1017 952 1055 annos

167 1120 307 1202 Vindicat
319 1122 480 1198 Hesperiae,
496 1123 675 1200 Romamque
688 1128 837 1201 retorquet
850 1144 982 1183 avaram:

166 1253 197 1310 N
198 1271 254 1310 uno
268 1251 336 1311 silet
349 1253 438 1310 exilio
450 1253 548 1324 telius,
564 1253 748 1314 celeberrima
761 1256 905 1331 quondam

167 1380 248 1439 Arva
260 1385 375 1454 vaoant,
392 1381 525 1458 mutique
538 1383 617 1441 tubae
631 1383 693 1442 sine
705 1403 853 1442 murmure
867 1385 962 1444 eolles.

168 1695 343 1773 Quanquam
356 1696 390 1754 o!
412 1696 437 1754 si
451 1700 563 1756 veteres
576 1697 694 1772 Furcas,
710 1699 880 1776 desertaque
893 1699 1000 1758 montis

168 1826 399 1902 Ostia—signat
412 1827 491 1886 enim
503 1831 550 1886 tot
559 1828 620 1904 jam
634 1831 700 1905 post
713 1829 818 1888 saecula
828 1827 1004 1904 *uomens-2

171 1953 292 2012 Advena
301 1955 447 2030 deveniet,
464 1955 489 2014 si
501 1974 579 2014 nune
592 1955 644 2014 ubi
657 1957 768 2032 proluit
779 1957 873 2016 imber

168 2085 298 2144 Frondea
311 2087 451 2146 silvarum
463 2091 550 2158 teoto,
566 2091 654 2164 atque
667 2088 768 2147 avulsa
779 2088 895 2147 ruinam

168 2215 247 2275 Saxa
260 2235 377 2290 gravem
389 2204 628 2288 traxere‚'tamen
641 2215 696 2274 sibi
709 2216 835 2276 elaustro
846 2217 971 2292 refingat

168 2344 274 2410 Qualia
287 2349 379 2413 erant,
396 2363 463 2402 oum
476 2343 585 2402 eiroum
598 2343 685 2402 altam
701 2344 865 2404 resonantia
877 2346 984 2404 vallem

168 2472 333 2532 Samnitum
347 2472 425 2548 eapti
438 2471 581 2548 pallerent
595 2491 675 2530 arma
688 2472 827 2546 Quirites,

168 2601 243 2660 Tum
258 2601 337 2674 sciet,
354 2620 371 2659 a
386 2601 496 2677 quantat
509 2600 603 2659 vietor
615 2620 685 2659 neae
698 2600 810 2659 miserit
822 2602 927 2674 hostes,

167 2730 273 2789 Omnia
286 2734 351 2788 tum
364 2729 463 2788 Romae
477 2731 599 2805 tangent
610 2729 740 2806 perjuria
752 2733 888 2790 mentem.

169 2861 189 2894 ‘⁴
200 2857 289 2930 Hino,
305 2857 420 2930 oredo,’'
432 2859 514 2937 justat
528 2857 665 2917 clamabit
677 2858 806 2918 fermdus
819 2859 872 2933 ira,

169 2991 189 3021 ‘⁴
197 2989 271 3047 Fors
284 2992 382 3064 captos
395 2989 456 3046 sola
469 2987 584 3065 eripuit,
601 2988 784 3065 speciosaque
797 2990 862 3066 paei

166 3115 293 3175 Nomina
306 3115 427 3192 pollutae
440 3119 539 3175 neotet
551 3117 674 3176 mentita
687 3120 818 3177 vetustas
827 3117 876 3178 1-

166 3243 234 3302 Non
247 3244 290 3304 ita
302 3245 382 3304 fraus
395 3245 498 3320 ingens
511 3244 621 3319 Romae,
636 3265 689 3304 neo
702 3247 821 3322 praemia
834 3246 903 3307 vita

512 3435 527 3467 ⁸
547 3433 641 3484 Forohe
652 3434 780 3498 d'Arpeia.
847 3441 850 3447 '
