2434 3796
548 405 568 470 8

84 606 187 666 Munie
200 609 358 666 austrorum
372 607 485 682 captos:
509 607 568 663 stat
581 601 695 662 inutilis
708 619 805 677 agger,

85 735 151 794 Stat
163 733 235 794 valli
247 733 344 805 labor;
366 736 397 792 et
409 732 473 792 diro
485 731 644 792 considitur
657 749 734 806 agro.

87 967 155 1028 Nox
168 971 246 1028 erat:
269 966 454 1044 hesternique
468 967 555 1026 silent
568 966 660 1025 oblita
671 964 815 1041 tnumphi

84 1097 248 1157 Samnitum
261 1100 357 1156 eastra
365 1096 444 1155 alta:
465 1097 551 1154 horas
564 1095 696 1156 eustolia
709 1091 825 1154 tantum

88 1224 236 1285 Cantando
249 1223 336 1298 follit,
352 1242 519 1301 sparsosque
532 1229 665 1284 movetur
678 1223 714 1282 ad
727 1223 819 1299 ignes.

88 1353 191 1414 Latius
204 1357 374 1430 argenteum
386 1355 564 1431 perfundens
575 1353 661 1414 Luna
673 1354 798 1434 ultonem

90 1483 275 1561 Tranquillus
288 1482 395 1558 retegit
408 1483 508 1556 saltus
524 1486 728 1559 compostaque
741 1481 837 1542 ventis

89 1613 170 1670 Rura
182 1611 282 1686 vagis:
304 1610 354 1670 hle
368 1610 517 1670 stellantes
531 1613 610 1669 stant
623 1609 701 1668 clara
713 1611 767 1668 sub
780 1629 866 1668 auras

90 1741 176 1815 Saxa,
192 1740 335 1816 giganteae
349 1743 462 1810 tunes;
482 1739 532 1797 hle
544 1739 644 1798 mollia
656 1740 748 1799 valles

91 1869 215 1943 Vellera,
232 1869 416 1944 densetaeque
429 1871 531 1927 tenent
544 1887 561 1926 a
573 1867 722 1926 montibus
733 1868 860 1940 umbrae;

94 1997 231 2074 Undique
244 1997 317 2055 suda
329 1996 420 2073 quies,
436 1999 467 2054 et
479 1994 605 2072 plurime
617 1995 710 2056 noetis
722 1996 827 2071 imago.

95 2127 138 2186 At
150 2145 208 2185 nou
221 2143 280 2202 qna
291 2125 405 2200 riguam
417 2126 555 2184 tendebat
567 2126 680 2185 clausus
694 2126 731 2185 ad
743 2126 852 2185 undam

97 2255 235 2317 Venturae
249 2251 323 2311 lueis
337 2251 449 2326 fingens
462 2251 526 2311 <lira
539 2253 635 2311 omina
647 2254 747 2312 miles:

97 2380 184 2440 Nune
196 2384 279 2440 vasto
293 2385 429 2457 suspeotu
442 2399 530 2453 arces,
546 2388 576 2440 et
589 2401 708 2458 scrupea
720 2383 828 2443 montis

98 2509 209 2570 Moenia
221 2509 379 2580 collustrat,
390 2509 515 2585 sopitum
528 2528 621 2568 saevus
630 2509 662 2568 in
674 2510 787 2570 hostem
799 2533 807 2569 :

98 2636 185 2696 Nune
199 2636 235 2695 ad
248 2634 376 2695 ductoris
389 2635 525 2711 praetoria
537 2643 639 2696 maesta
651 2656 801 2698 recursans

99 2765 254 2828 Auxilium
266 2765 402 2842 implorat
414 2784 539 2824 vanum:
562 2767 642 2826 sedet
654 2767 705 2826 ille
718 2772 815 2830 eoaoto

100 2891 228 2952 Goneilio
240 2911 401 2970 proeerum,
417 2896 447 2952 et
459 2894 555 2953 turbae
567 2895 632 2954 fera
644 2895 766 2956 erimina
777 2896 877 2974 pallet.

103 3147 226 3224 Jamque
240 3167 292 3225 per
305 3148 388 3221 ane,
403 3149 508 3208 Phoebi
520 3151 693 3226 praenuntia,
709 3152 796 3228 pinus

105 3277 265 3336 Obsourum
279 3278 375 3337 tenuis
389 3278 518 3340 sulcabat
530 3263 660 3358 purpura
672 3283 786 3341 eoelum.

104 3404 247 3464 Continuo
260 3423 312 3464 sua
325 3409 551 3481 eastra—vocat
564 3409 644 3468 labor
656 3409 779 3469 ultimus
793 3429 942 3486 omnes,-
