2434 3796
417 1102 631 1239 eneruis
677 1100 916 1233 uredine.

180 1513 282 1578 Qurnr
298 1513 351 1571 sub
363 1511 498 1570 Austrini
512 1513 651 1569 vexatum
664 1511 780 1570 flamine
794 1513 875 1571 venti

178 1641 277 1703 Altius
290 1641 381 1700 illisos
394 1641 510 1712 fluetus,
527 1645 557 1698 et
571 1659 690 1714 spumea
704 1599 813 1700 nircum

179 1773 311 1849 AEquora
323 1771 475 1848 proturbat
488 1790 601 1842 saxum,
617 1771 741 1829 necdum
753 1771 900 1848 improbus
913 1773 1005 1832 imber

182 1899 313 1957 Necdum
325 1899 420 1970 undae,
437 1917 502 1975 quae
515 1899 596 1957 mille
610 1899 683 1956 meri
696 1899 855 1958 volvuntur
867 1902 903 1958 ab
917 1901 985 1974 aleo,

183 2027 332 2086 Turritum
345 2045 469 2086 mersere
482 2032 570 2103 caput
578 2033 656 2099 ;-te
669 2027 769 2086 fabula
781 2027 870 2086 talem

182 2127 280 2216 i'risca
293 2157 392 2228 refert,
407 2159 497 2215 tuntae
511 2175 581 2232 gens
600 2157 633 2214 0!
654 2176 713 2214 non
727 2157 816 2232 digna
827 2158 930 2231 ruinee,

184 2285 349 2345 Samnitum
362 2304 432 2360 gens
445 2284 494 2344 dia
507 2284 619 2344 virfim!
642 2305 729 2362 quam
743 2285 836 2344 Roma
849 2287 945 2346 duello

183 2414 305 2473 AEmula
316 2414 468 2489 frangebat
481 2413 568 2485 lenio,
587 2432 675 2490 quam
688 2412 750 2489 pila
763 2417 808 2472 tot
821 2433 911 2472 annos

187 2539 290 2598 Ferrea
303 2540 484 2598 circumdans
496 2539 575 2597 omni
589 2539 624 2597 de
638 2539 715 2597 valle
728 2541 885 2614 premebat.

185 2753 297 2831 Nempe
310 2753 363 2812 ubi
375 2753 525 2812 Romuleis
537 2751 661 2827 ingloria
674 2758 797 2813 cesserat
816 2756 902 2814 armis

186 2883 218 2943 Si
232 2902 291 2961 qua
302 2881 384 2959 prius
396 2881 495 2941 Latias
508 2882 586 2939 inter
598 2887 686 2958 caput
698 2882 808 2941 extulit
819 2885 920 2956 urbes;

188 3012 262 3070 Cum
271 3011 335 3088 jum
347 3011 498 3086 parebant,
512 3009 594 3068 molli
607 3028 673 3086 quae
687 3009 765 3069 Liris
778 3031 919 3088 aquarum

99 3161 104 3166 ·
187 3138 322 3214 Agmine,
339 3157 404 3215 quae
417 3137 528 3198 violens
540 3139 625 3212 longe
637 3137 715 3213 riget
727 3139 852 3198 Aufidus
865 3160 941 3214 srva,

189 3267 256 3326 Une
268 3223 480 3340 diu—medios
493 3265 579 3336 inter,
596 3283 668 3341 quos
683 3267 787 3325 stravit
800 3266 909 3325 inertes

191 3395 317 3456 Victoris
330 3397 406 3457 tenti
416 3395 478 3456 lete
493 3411 692 3472 paron—una
709 3395 827 3472 tyranni
